@misc {
  kotlin_scalajs_v2,
  author = "Lionel Fleury, Guillaume Tournigand, Florian Alonso",
  title = "\enquote{Kotlin to Scala.js compiler}",
  note = "\newline \url{https://github.com/flonso/Kotlin-Scala.js}"
}

@misc {
  kotlin_scalajs_v1,
  author = "Lionel Fleury, Guillaume Tournigand",
  title = "\enquote{Kotlin to Scala.js compiler}",
  note = "\newline \url{https://github.com/lionelfleury/Kotlin-Scala.js}"
}

@misc {
  kotlin_scalajs_gradle_plugin,
  author = "Florian Alonso",
  title = "\enquote{A Gradle plugin for the Kotlin to Scala.js compiler}",
  note = "\newline 
\url{https://github.com/flonso/kotlin-scalajs-gradle-plugin}"
}

@misc {
  kotlin_type_checks_and_cast,
  author = "JetBrains",
  title = "\enquote{Type Checks and Casts: 'is' and 'as'}",
  note = "\newline \url{https://kotlinlang.org/docs/reference/typecasts.html}"
}

@misc {
  kotlin_scalajs_report,
  author = "Lionel Fleury, Guillaume Tournigand",
  title = "\enquote{From Kotlin to Javascript using the Scala.js compiler}",
  note = ""
}

@misc {
  android_kotlin_support,
  author = "",
  title = "\enquote{Kotlin and Android}",
  note = "\newline \url{https://developer.android.com/kotlin/index.html}"
}

@misc {
  nodejs,
  author = "",
  title = "\enquote{Node JS}",
  note = "\newline \url{https://nodejs.org/en/}"
}

@misc {
  kotlin_dce,
  author = "JetBrains",
  title = "\enquote{JavaScript DCE}",
  note = "\newline \url{https://kotlinlang.org/docs/reference/javascript-dce.html}"
}

@misc {
  kotlin,
  author = "JetBrains",
  title = "\enquote{Kotlin Lang}",
  note = "\newline \url{https://kotlinlang.org/}"
}

@misc {
  kotlin_docs,
  author = "JetBrains",
  title = "\enquote{Kotlin Lang Reference}",
  note = "\newline \url{https://kotlinlang.org/docs/reference/}"
}

@misc {
  kotlin_git,
  author = "JetBrains",
  title = "\enquote{Kotlin repository on GitHub}",
  note = "\newline \url{https://github.com/JetBrains/kotlin}"
}

@misc {
  kotlin_blog,
  author = "JetBrains",
  title = "\enquote{Kotlin Blog}",
  note = "\newline \url{https://blog.jetbrains.com/kotlin/}"
}

@misc {
  kotlin_spec,
  author = "JetBrains",
  title = "\enquote{Kotlin Language Specification}",
  note = "\newline \url{https://jetbrains.github.io/kotlin-spec/}"
}

@misc {
  kotlin_version,
  author = "Dmitry Jemerov",
  title = "\enquote{Kotlin 1.1.60 is out}",
  note = "\newline \url{https://blog.jetbrains.com/kotlin/2017/11/kotlin-1-1-60-is-out/}"
}

@misc {
  kotlin_toplevel,
  author = "Andrey Breslav",
  title = "\enquote{Improving Java Interop: Top-Level Functions and Properties}",
  note = "\newline \url{https://blog.jetbrains.com/kotlin/2015/06/improving-java-interop-top-level-functions-and-properties/}"
}

@misc {
  kotlin_toplevel_best_practice,
  title = "\enquote{Best practices for top-level declarations}",
  note = "\newline \url{https://discuss.kotlinlang.org/t/best-practices-for-top-level-declarations/2198}"
}

@misc {
  kotlin_backfield,
  title = "\enquote{What's Kotlin Backing Field For?}",
  note = "\newline \url{https://stackoverflow.com/questions/43220140/whats-kotlin-backing-field-for }"
}

@misc {
  kotlin_lambda,
  title = "\enquote{Higher-Order Functions and Lambdas}",
  author = "JetBrains",
  note = "\newline \url{https://kotlinlang.org/docs/reference/lambdas.html}"
}

@misc {
  kotlin_modules,
  title = "\enquote{Understanding modules}",
  note = "\newline \url{https://discuss.kotlinlang.org/t/understanding-modules/474/2}"
}

@misc {
  scalajs,
  author = "",
  title = "\enquote{Scala.js}",
  note = "\newline \url{https://www.scala-js.org/}"
}

@misc {
  scalajs_handson,
  author = "",
  title = "\enquote{Hands On ScalaJS}",
  note = "\newline \url{http://www.lihaoyi.com/hands-on-scala-js/}"
}

@misc {
  scalajs_git,
  author = "",
  title = "\enquote{Scala.js repository on GitHub}",
  note = "\newline \url{https://github.com/scala-js/scala-js}"
}

@misc{
    scala_get_set,
    author = "Dustin Martin",
    title = "\enquote{Getters and Setters in Scala}",
    note = "\newline \url{https://www.dustinmartin.net/getters-and-setters-in-scala/}"
}

@misc{
  scala_kotlin_extension,
  author = "Nicolas Fränkel",
  title = "\enquote{Scala vs Kotlin: Pimp my library}",
  note = "\newline \url{https://blog.frankel.ch/scala-vs-kotlin/1/#gsc.tab=0}"
}

@misc{
  scala_lambda,
  author = "Gary Sieling ",
  title = "\enquote{Scala Lambda Example}",
  note = "\newline \url{https://www.garysieling.com/blog/scala-lambda-example}"
}
@misc {
  scala_test,
  author = "",
  title = "\enquote{ScalaTest FunSuite}",
  note = "\newline \url{http://www.scalatest.org/getting_started_with_fun_suite}"
}
@misc {
  gradle,
  author = "",
  title = "Gradle Build Tool",
  note = "\newline \url{https://gradle.org/}"
}

@misc {
  gcc,
  author = "Google Inc.",
  title = "Google Closure Compiler",
  note = "\newline \url{https://developers.google.com/closure/compiler/}"
}
@misc {
  gradle_intro,
  author = "Brian Gardner",
  title = "\enquote{\enquote{Introduction to Gradle}}",
  note = "\newline \url{https://www.bignerdranch.com/blog/introduction-to-gradle/}"
}

@misc {
  gradle_scalajs,
  author = "Guillaume Tâche",
  title = "\enquote{A ScalaJS Gradle plugin}",
  note = "\newline \url{https://github.com/gtache/scalajs-gradle}"
}

@misc {
  gradle_kotlin_examples,
  author = "JetBrains",
  title = "\enquote{Kotlin Code Examples}",
  note = "\newline \url{https://github.com/JetBrains/kotlin-examples}"
}

@misc {
  groovy,
  author = "The Apache Software Foundation",
  title = "\enquote{Apache Groovy}",
  note = "\newline \url{http://groovy-lang.org/}"
}

@misc {
  gradle_kotlin_plugin,
  author = "JetBrains",
  title = "\enquote{The Gradle plugin for Kotlin}",
  note = "\newline \url{https://github.com/JetBrains/kotlin/tree/master/libraries/tools/kotlin-gradle-plugin/src/main/kotlin/org/jetbrains/kotlin/gradle/plugin}"
}

@misc {
  gradle_plugins,
  author = "Gradle",
  title = "\enquote{Implementing Gradle plugins}",
  note = "\newline \url{https://guides.gradle.org/implementing-gradle-plugins/}"
}